<?xml version="1.0" encoding="UTF-8"?>
<record xmlns="http://www.loc.gov/MARC21/slim" xmlns:xsi="http://www.w3.org/2001/XMLSchema-instance" xsi:schemaLocation="http://www.loc.gov/MARC21/slim http://www.loc.gov/standards/marcxml/schema/MARC21slim.xsd">
<leader>     cam a2200289 a 4500</leader>
<controlfield tag="001">001717177</controlfield>
<controlfield tag="003">NNU</controlfield>
<controlfield tag="005">20061010171005.0</controlfield>
<controlfield tag="008">010330s1958    sy       b    000 0 arar</controlfield>
<datafield tag="010" ind1=" " ind2=" ">
<subfield code="a">ne 66000622</subfield>
</datafield>
<datafield tag="035" ind1="9" ind2=" ">
<subfield code="a">NYUb12271022</subfield>
</datafield>
<datafield tag="035" ind1=" " ind2=" ">
<subfield code="a">(CStRLIN)NYUG01-B1430</subfield>
</datafield>
<datafield tag="040" ind1=" " ind2=" ">
<subfield code="a">DLC</subfield>
<subfield code="c">CU</subfield>
<subfield code="d">CU</subfield>
<subfield code="d">MH</subfield>
<subfield code="d">CStRLIN</subfield>
<subfield code="d">NNU</subfield>
</datafield>
<datafield tag="050" ind1="0" ind2=" ">
<subfield code="a">BP87.5</subfield>
<subfield code="b">.A85</subfield>
</datafield>
<datafield tag="066" ind1=" " ind2=" ">
<subfield code="c">(3</subfield>
</datafield>
<datafield tag="090" ind1=" " ind2=" ">
<subfield code="a">BP195.I8</subfield>
<subfield code="b">A8</subfield>
</datafield>
<datafield tag="100" ind1="1" ind2=" ">
<subfield code="a">ʻAwwā, ʻĀdil</subfield>
<subfield code="6">880-01</subfield>
</datafield>
<datafield tag="245" ind1="1" ind2="0">
<subfield code="6">880-02</subfield>
<subfield code="a">Muntakhabāt Ismāʻīlīyah :</subfield>
<subfield code="b">tunshir li-awwal marrah /</subfield>
<subfield code="c">taḥqīq ʻĀdil al-ʻAwwā.</subfield>
</datafield>
<datafield tag="246" ind1="1" ind2="4">
<subfield code="a">Ismāʻili selections from the 4th, 5th, 6th, 7th, &amp; 10th Hijra centuries</subfield>
</datafield>
<datafield tag="260" ind1=" " ind2=" ">
<subfield code="6">880-03</subfield>
<subfield code="a">Dimashq :</subfield>
<subfield code="b">Maṭbaʻat al-Jāmiʻah al-Sūrīyah,</subfield>
<subfield code="c">1958.</subfield>
</datafield>
<datafield tag="300" ind1=" " ind2=" ">
<subfield code="a">27, 272 p. ;</subfield>
<subfield code="c">24 cm.</subfield>
</datafield>
<datafield tag="500" ind1=" " ind2=" ">
<subfield code="a">Includes indexes.</subfield>
</datafield>
<datafield tag="504" ind1=" " ind2=" ">
<subfield code="a">Bibliography: p. [266]-268.</subfield>
</datafield>
<datafield tag="650" ind1=" " ind2="0">
<subfield code="a">Ismaili literature.</subfield>
</datafield>
<datafield tag="880" ind1="1" ind2=" ">
<subfield code="6">100-01/</subfield>
<subfield code="a">عوا، عادل.</subfield>
</datafield>
<datafield tag="880" ind1="1" ind2="0">
<subfield code="6">245-02/</subfield>
<subfield code="a">منتخبات اسماعيلية :</subfield>
<subfield code="b">تنشر لأول مرة /</subfield>
<subfield code="c">تحقيق عادل العوا.</subfield>
</datafield>
<datafield tag="880" ind1=" " ind2=" ">
<subfield code="6">260-03/</subfield>
<subfield code="a">دمشق :</subfield>
<subfield code="b">مطبعة الجامعة السورية،</subfield>
<subfield code="c">١٩٥٨.</subfield>
</datafield>
<datafield tag="OWN" ind1=" " ind2=" ">
<subfield code="a">GENERAL</subfield>
</datafield>
<datafield tag="998" ind1=" " ind2=" ">
<subfield code="a">20010710</subfield>
<subfield code="d">20010330</subfield>
<subfield code="d">20010710</subfield>
<subfield code="n">NNU</subfield>
<subfield code="s">1</subfield>
<subfield code="t">c</subfield>
<subfield code="z">e</subfield>
</datafield>
<datafield tag="AVA" ind1=" " ind2=" ">
<subfield code="a">NYU50</subfield>
<subfield code="b">BOBST</subfield>
<subfield code="c">Main Collection</subfield>
<subfield code="d">BP195.I8 A8</subfield>
<subfield code="e">unavailable</subfield>
<subfield code="t">Unavailable</subfield>
<subfield code="f">1</subfield>
<subfield code="g">1</subfield>
<subfield code="h">N</subfield>
<subfield code="i">0</subfield>
<subfield code="j">MAIN</subfield>
<subfield code="k">0</subfield>
</datafield>
</record>
